@book{cirillo2009pomodoro,
  title={The Pomodoro Technique},
  author={Cirillo, F.},
  isbn={9781445219943},
  url={https://books.google.cl/books?id=ThkbQwAACAAJ},
  year={2009},
  publisher={Creative Commons}
}
@article{hallam2002effects,
author = {Susan Hallam and John Price and Georgia Katsarou},
title = {The Effects of Background Music on Primary School Pupils' Task Performance},
journal = {Educational Studies},
volume = {28},
number = {2},
pages = {111-122},
year  = {2002},
publisher = {Routledge},
doi = {10.1080/03055690220124551},
URL = {https://doi.org/10.1080/03055690220124551},
eprint = {https://doi.org/10.1080/03055690220124551}
}
@article{hamari2014gamification,
author = {Hamari, Juho and Koivisto, Jonna and Sarsa, Harri},
year = {2014},
month = {01},
pages = {},
title = {Does Gamification Work? â€” A Literature Review of Empirical Studies on Gamification},
booktitle = {Proceedings of the Annual Hawaii International Conference on System Sciences}
}
@online{electron,
  author = {GitHub},
  title = {Electron},
  year = 2018,
  url = {https://electronjs.org/},
  urldate = {2018-04-26}
}
@online{react-native,
  author = {Facebook},
  title = {React Native},
  year = 2018,
  url = {https://facebook.github.io/react-native},
  urldate = {2018-04-26}
}
@online{habitica,
  author = {Habitica},
  title = {Habitica},
  year = 2018,
  url = {https://habitica.com/static/home},
  urldate = {2018-05-02}
}
@online{zombiesrun,
  author = {Six to Start y Naomi Alderman},
  title = {Zombies, Run!},
  year = 2018,
  url = {https://zombiesrungame.com/},
  urldate = {2018-05-02}
}
@inproceedings{deterding2011gamification,
 author = {Deterding, Sebastian and Dixon, Dan and Khaled, Rilla and Nacke, Lennart},
 title = {From Game Design Elements to Gamefulness: Defining "Gamification"},
 booktitle = {Proceedings of the 15th International Academic MindTrek Conference: Envisioning Future Media Environments},
 series = {MindTrek '11},
 year = {2011},
 isbn = {978-1-4503-0816-8},
 location = {Tampere, Finland},
 pages = {9--15},
 numpages = {7},
 url = {http://doi.acm.org/10.1145/2181037.2181040},
 doi = {10.1145/2181037.2181040},
 acmid = {2181040},
 publisher = {ACM},
 address = {New York, NY, USA},
 keywords = {alternate reality games, game-based technologies, gameful design, gamefulness, games, gamification, pervasive games, play, playful design, playfulness, serious games},
}
@inproceedings{desousa2014systematic-gamification,
  title={A systematic mapping on gamification applied to education},
  author={de Sousa Borges, Simone and Durelli, Vinicius HS and Reis, Helena Macedo and Isotani, Seiji},
  booktitle={Proceedings of the 29th Annual ACM Symposium on Applied Computing},
  pages={216--222},
  year={2014},
  organization={ACM}
}
@article{hamari2010game,
  title={Game design as marketing: How game mechanics create demand for virtual goods},
  author={Hamari, Juho and Lehdonvirta, Vili},
  year={2010}
}
@article{oravec2015gamification,
  title={Gamification and multigamification in the workplace: Expanding the ludic dimensions of work and challenging the work/play dichotomy},
  author={Oravec, Jo Ann},
  journal={Cyberpsychology: Journal of Psychosocial Research on Cyberspace},
  volume={9},
  number={3},
  year={2015}
}
@inproceedings{pereira2014gamification-review,
  title={A review of gamification for health-related contexts},
  author={Pereira, Pedro and Duarte, Em{\'\i}lia and Rebelo, Francisco and Noriega, Paulo},
  booktitle={International conference of design, user experience, and usability},
  pages={742--753},
  year={2014},
  organization={Springer}
}
